% author(s), title, journal name, volume, year, page number, arXiv-number.


author         = "", # done
title          = "", # done
journal        = "",
volume         = "",
year           = "", # done
archivePrefix  = "arXiv",
eprint         = "",

@article{atlasTriggerNew,
   title={Operation of the ATLAS trigger system in Run 2},
   volume={15},
   ISSN={1748-0221},
   url={http://dx.doi.org/10.1088/1748-0221/15/10/P10004},
   DOI={10.1088/1748-0221/15/10/p10004},
   number={10},
   journal={Journal of Instrumentation},
   publisher={IOP Publishing},
   author={collaboration, The ATLAS},
   year={2020},
   month={Oct},
   pages={P10004?P10004}
}


@article{ATLAS-CONF-2019-021,
    collaboration = "ATLAS",
    title = "{Luminosity determination in $pp$ collisions at $\sqrt{s}=13$ {TeV} using the {ATLAS} detector at the {LHC}}",
    reportNumber = "ATLAS-CONF-2019-021",
    month = "6",
    year = "2019"
}

@Article{kamio,
      author         = "{Super-Kamiokande Collaboration}",
      title          = "Atmospheric Neutrino Oscillation Analysis With Improved Event Reconstruction in Super-Kamiokande {IV}",
      year = "2019",
    journal="Progress of Theoretical and Experimental Physics, Volume 2019, Issue 5, May",
      eprint         = "1901.03230",
      archivePrefix  = "arXiv",
}

@Article{jw2019,
      title={The Once and Present Standard Model of Elementary Particle Physics},
      author={James D. Wells},
      year={2019},
      eprint={1911.04604},
      archivePrefix={arXiv},
      primaryClass={physics.hist-ph}
}

# ==================================================
# Sources for ATLAS section
# ==================================================


@article{lar,
    author = "Zhang, Hua-Qiao",
    editor = "Wang, Yifang",
    collaboration = "{ATLAS} Liquid Argon Calorimeter",
    title = "{The {ATLAS} Liquid Argon calorimeter: Overview and performance}",
    doi = "10.1088/1742-6596/293/1/012044",
    journal = "J. Phys. Conf. Ser.",
    volume = "293",
    pages = "012044",
    year = "2011"
}

@article{sct,
        author = "Unno, Y.",
    editor = "Olsen, S.L. and Bortoletto, D.",
    collaboration = "SCT",
    title = "{{ATLAS} silicon microstrip detector system ({SCT})}",
    doi = "10.1016/S0168-9002(03)01751-0",
    journal = "Nucl. Instrum. Meth. A",
    volume = "511",
    pages = "58--63",
    year = "2003"
}


@article{pixel,
    author = "Schorlemmer, A.L.",
    collaboration = "ATLAS",
    title = "{Monitoring radiation damage in the {ATLAS} Pixel Detector}",
    reportNumber = "ATL-INDET-PROC-2012-014, ATL-COM-INDET-2012-058",
    doi = "10.1088/1748-0221/8/01/C01045",
    journal = "JINST",
    volume = "8",
    pages = "C01045",
    year = "2013"
}

# ==================================================
# Pheno
# ==================================================

@article{drellYan,
    author = "Drell, S.D. and Yan, Tung-Mow",
    title = "{Massive Lepton Pair Production in Hadron-Hadron Collisions at High-Energies}",
    reportNumber = "SLAC-PUB-0755",
    doi = "10.1103/PhysRevLett.25.316",
    journal = "Phys. Rev. Lett.",
    volume = "25",
    pages = "316--320",
    year = "1970",
    note = "[Erratum: Phys.Rev.Lett. 25, 902 (1970)]"
}


@article{pdg2019,
    title = "The Review of Particle Physics",
    author = "{M. Tanabashi et al. (Particle Data Group)}",
    year = 2019,
    journal = "Phys. Rev. D 98, 030001 (2018) and 2019 update",
}

# ==================================================
# Objects and reconstruction
# ==================================================

@article{elecReco,
   title={Electron reconstruction and identification in the {ATLAS} experiment using the 2015 and 2016 {LHC} proton-proton collision data at $\sqrt{s} = 13$ {TeV}},
   volume={79},
   ISSN={1434-6052},
   DOI={10.1140/epjc/s10052-019-7140-6},
   number={8},
   journal={The European Physical Journal C},
   publisher={Springer Science and Business Media LLC},
   year={2019},
   month={Aug},
    author = "{ATLAS Collaboration}",
}

@article{muonReco,
   title={Muon reconstruction performance of the {ATLAS} detector in proton-proton collision data at $\sqrt{s}$=13 {TeV}},
   volume={76},
   ISSN={1434-6052},
   DOI={10.1140/epjc/s10052-016-4120-y},
   number={5},
   journal={The European Physical Journal C},
   publisher={Springer Science and Business Media LLC},
    author = "{ATLAS Collaboration}",
   year={2016},
   month={May}
}

@article{jetReco,
   title={Jet reconstruction and performance using particle flow with the {ATLAS} Detector},
   volume={77},
   ISSN={1434-6052},
   DOI={10.1140/epjc/s10052-017-5031-2},
   number={7},
   journal={The European Physical Journal C},
   publisher={Springer Science and Business Media LLC},
    author = "{ATLAS Collaboration}",
   year={2017},
   month={Jul}
}

@article{antikt,
	doi = {10.1088/1126-6708/2008/04/063},
	year = 2008,
	month = {apr},
	publisher = {Springer Science and Business Media {LLC}},
	volume = {2008},
	number = {04},
	pages = {063--063},
	author = {Matteo Cacciari and Gavin P Salam and Gregory Soyez},
	title = {The anti-ktjet clustering algorithm},
	journal = {Journal of High Energy Physics},
}

@article{btag,
    author = "{ATLAS Collaboration}",
    title = "{Optimisation of the {ATLAS} $b$-tagging performance for the 2016 {LHC} Run}",
    reportNumber = "ATL-PHYS-PUB-2016-012",
    year = "2016"
}

@article{salvucci,
   title={Measurement of muon momentum resolution of the {ATLAS} detector},
   volume={28},
   ISSN={2100-014X},
   DOI={10.1051/epjconf/20122812039},
   journal={EPJ Web of Conferences},
   publisher={EDP Sciences},
   author={Salvucci, Antonio},
   year={2012},
   pages={12039}
}

# ==================================================
# Sources for LHC section
# ==================================================

% @article{accelComplex,
%     title = "The CERN accelerator complex - 2019",
%     author = "Esma Mobs",
%     year="2019",
%     url = "https://cds.cern.ch/record/2684277",
% }

@article{schindl,
    author = "Schindl, K.",
    title = "{The injector chain for the {LHC}}",
    booktitle = "{9th LEP Performance Workshop}",
    reportNumber = "CERN-PS-99-018-DI, CERN-PS-99-18-DI",
    pages = "47--52",
    month = "3",
    year = "1999"
}

@article{reich,
    title = "The {CERN} Proton Synchrotron Booster",
    author = "K.H. Reich",
    year=1969,
    journal="IEEE (Inst. Elec. Electron. Eng.), Trans. Nucl. Sci., NS-16: 959- 61(June 1969)",
}

@article{fuchsberger,
    title = "{LHC} online chromaticity measurement - experience after one year of operation",
    author = "K. Fuchsberger and G. H. Hemelsoet",
    year = 2016,
    journal = "Proceedings of IBIC2016, Barcelona, Spain",
}

@article{freyermuth,
    title = "{LHC} Report: Imaginative Injectors",
    author = "{Pierre Freyermuth}",
    year="2016",
    journal = "CERN Bulletin, Issue No. 30-32/2016",
}

@article{gorzawski,
      author        = "Gorzawski, Arkadiusz and Nisbet, David and Ponce, Laurette
                       and Salvachua Ferrando, Belen Maria and Wenninger, Jorg",
      title         = "{Luminosity Anti-leveling with Crossing Angle (MD 1669)}",
      month         = "Oct",
      year          = "2016",
      reportNumber  = "CERN-ACC-NOTE-2016-0058",
}

@article{lhcRun1,
      author        = "Alemany-Fernandez, R and Bravin, E and Drosdal, L and
                       Gorzawski, A and Kain, V and Lamont, M and Macpherson, A
                       and Papotti, G and Pojer, M and Ponce, L and Redaelli, S
                       and Roy, G and Solfaroli Camillocci, M and Venturini, W and
                       Wenninger, J",
      title         = "{Operation and Configuration of the {LHC} in Run 1}",
      month         = "Nov",
      year          = "2013",
      reportNumber  = "CERN-ACC-NOTE-2013-0041",
}

@article{lhcRun2,
    author        = "Wenninger, Jorg",
      title         = "{Operation and Configuration of the {LHC} in Run 2}",
      month         = "Mar",
      year          = "2019",
      reportNumber  = "CERN-ACC-NOTE-2019-0007",
}

@article{bidon,
    title = "Steel Septum Magnets for the {LHC} beam injection and extraction",
    author = "S.Bidon et al",
    year=2002,
    journal = "Proceedings of EPAC 2002, Paris, France. Page 2514",
}

@article{lhcDesignV1,
    year =2004,
    journal = "CERN",
    author = "Bruning, Oliver S. and Collier, P. and Lebrun, P. and Myers, S. and Ostojic, R. and Poole, J. and Proudlock, P.",
    title = "{{LHC} Design Report Vol.1: The {LHC} Main Ring}",
    reportNumber = "CERN-2004-003-V1, CERN-2004-003, CERN-2004-003-V-1",
    doi = "10.5170/CERN-2004-003-V-1",
    year = "2004"
}

@article{lhcDesignV2,
    author = "Buning, O. and Collier, P. and Lebrun, P. and Myers, S. and Ostojic, R. and Poole, J. and Proudlock, P.",
    title = "{{LHC} Design Report. 2. The {LHC} infrastructure and general services}",
    reportNumber = "CERN-2004-003-V-2, CERN-2004-003",
    doi = "10.5170/CERN-2004-003-V-2",
    year = "2004"
}

@article{pdg2016,
    author = "Patrignani, C. and others",
    collaboration = "Particle Data Group",
    title = "{Review of Particle Physics}",
    doi = "10.1088/1674-1137/40/10/100001",
    journal = "Chin. Phys. C",
    volume = "40",
    number = "10",
    pages = "100001",
    year = "2016"
}

@book{pdg2018,
  title = {Review of Particle Physics},
  author = "{Tanabashi, M. and others}",
  collaboration = {Particle Data Group},
  journal = {Phys. Rev. D},
  volume = {98},
  issue = {3},
  pages = {030001},
  numpages = {1898},
  year = {2018},
  publisher = {American Physical Society},
  doi = {10.1103/PhysRevD.98.030001},
}

@article{lyndon,
	doi = {10.1088/1367-2630/9/9/335},
	year = 2007,
	month = {sep},
	publisher = {{IOP} Publishing},
	volume = {9},
	number = {9},
	pages = {335--335},
	author = {Lyndon Evans},
	title = {The Large Hadron Collider},
	journal = {New Journal of Physics},
    abstract = {The Large Hadron Collider (LHC), now close to completion at CERN will provide proton-proton collisions with unprecedented luminosity and energy. It will allow the Standard Model of physics to be explored in an energy range where new phenomena can be studied. This includes the validity of the Higgs mechanism, supersymmetry and CP violation. The machine presents a number of novel features discussed in detail below.}
}

@article{bruno,
    title = "Dispersion Suppression with Missing Magnets in a {FODO} Structure",
    author = "Bruno Autin.",
    year = 1979,
    journal = "June 1979 IEEE Transactions on Nuclear Science Vol NS-26 No. 3",
}

@techreport{boussard,
    author        = "Boussard, Daniel and Linnecar, Trevor Paul R",
    title         = "{The {LHC} Superconducting RF System}",
    institution   = "CERN",
    address       = "Geneva",
    number        = "LHC-Project-Report-316. CERN-LHC-Project-Report-316",
    month         = "Dec",
    year          = "1999",
    reportNumber  = "LHC-Project-Report-316",
}

@inproceedings{frascati,
    author = "Guiducci, S.",
    title = "{Chromaticity}",
    booktitle = "{{CERN} Accelerator School: Course on General Accelerator Physics}",
    pages = "191--206",
    year = "1992"
}

@article{steinhagen,
    title = "Tune and chromaticity diagnostics",
    author = "R. J. Steinhagen",
    year=2009,
    doi           = "10.5170/CERN-2009-005.317",
    journal="CAS - CERN Accelerator School: Beam Diagnostics, pp.317",
}

@article{beamdump,
    title={A Large Diameter Entrance Window for the {LHC} Beam Dump Line},
    author={A. Presland and D. Ramos and B. Goddard and J. Jim{\'e}nez and R. Veness},
    journal={Proceedings of the 2005 Particle Accelerator Conference},
    year={2005},
    pages={1698-1700}
}

@article{beamscreen,
    author = "Angerth, B. and others",
    title = "{The {LHC} beam screen: Specification and design}",
    journal = "Conf. Proc. C",
    volume = "940627",
    pages = "208--210",
    year = "1995"
}

# ==================================================
# Sources for theory section
# ==================================================

@article{romao,
    title = "A resource for signs and Feynman disgrams of the Standard Model",
    author = "Jorge C. Romao and Jao P. Silva",
    year = "2012",
    eprint         = "1209.6213",
    archivePrefix  = "arXiv",
    journal="International Journal of Modern Physica A",
}

@inproceedings{pich,
    author = "Pich, Antonio",
    title = "{The Standard Model of electroweak interactions}",
    booktitle = "{2006 European School of High-Energy Physics}",
    eprint = "0705.4264",
    archivePrefix = "arXiv",
    primaryClass = "hep-ph",
    reportNumber = "IFIC-07-27, FTUV-07-0529, CERN-2008-004",
    pages = "1--49",
}

@article{quigg,
    author = "Quigg, Chris",
    title = "{{LHC} Physics Potential versus Energy}",
    eprint = "0908.3660",
    archivePrefix = "arXiv",
    primaryClass = "hep-ph",
    reportNumber = "FERMILAB-FN-0839-T",
    year = "2009"
}

@article{ehrenfest,
    title = "In what way does it become manifest in the fundamental laws of physics that space has three dimensions?",
    author = "P. Ehrenfest",
    year=1918,
    journal="KNAW, Proceedings, 20 I, 1918, Amsterdam, 1918, pp. 200-209",
}

@article{tegmark-time,
    title = "On the dimensionality of spacetime",
    author = "Max Tegmark",
    year = "1997",
    journal="Class. Quantum Grav. 14 L69",
}

@article{tegmark,
    author = "Tegmark, Max",
    title = "{The Mathematical Universe}",
    eprint = "0704.0646",
    archivePrefix = "arXiv",
    primaryClass = "gr-qc",
    doi = "10.1007/s10701-007-9186-9",
    journal = "Found. Phys.",
    volume = "38",
    pages = "101--150",
    year = "2008"
}

@article{donogue,
    author = "Donoghue, John F.",
    editor = "Rodrigues, Waldyr Alves and Kerner, Richard and Pires, Gentil and Pinheiro, Carols",
    title = "{The effective field theory treatment of quantum gravity}",
    eprint = "1209.3511",
    archivePrefix = "arXiv",
    primaryClass = "gr-qc",
    doi = "10.1063/1.4756964",
    journal = "AIP Conf. Proc.",
    volume = "1483",
    number = "1",
    pages = "73--94",
    year = "2012"
}

@article{robinson,
    author = "Robinson, Matthew B. and Bland, Karen R. and Cleaver, Gerald B. and Dittmann, Jay R.",
    title = "{A Simple Introduction to Particle Physics. Part {I} - Foundations and the Standard Model}",
    eprint = "0810.3328",
    archivePrefix = "arXiv",
    primaryClass = "hep-th",
    reportNumber = "BU-HEPP-08-20",
    year = "2008"
}

@article{bethke,
    author = "Bethke, Siegfried",
    editor = "Beck, Douglas H. and Haidt, Dieter and Negele, John W.",
    title = "{The 2009 World Average of alpha(s)}",
    eprint = "0908.1135",
    archivePrefix = "arXiv",
    primaryClass = "hep-ph",
    doi = "10.1140/epjc/s10052-009-1173-1",
    journal = "Eur. Phys. J. C",
    volume = "64",
    pages = "689--703",
    year = "2009"
}

@article{holloway,
    title = "How the barn was born",
    author = "{M. Holloway and C. Baker}",
    journal = "Physics Today 25, 7, 9 (1972);",
    year = "1972",
}

@article{hokim,
    author = "Quang, Ho-Kim and Pham, Xuan-Yem",
    title = "{Elementary particles and their interactions: concepts and phenomena}",
    isbn = "978-3-642-08349-5",
    year = "1998"
}

@article{planck,
    author = "Ade, P.A.R. and others",
    collaboration = "Planck",
    title = "{Planck 2015 results. {XIII}. Cosmological parameters}",
    eprint = "1502.01589",
    archivePrefix = "arXiv",
    primaryClass = "astro-ph.CO",
    doi = "10.1051/0004-6361/201525830",
    journal = "Astron. Astrophys.",
    volume = "594",
    pages = "A13",
    year = "2016"
}

# ==================================================
# Sources Higgs hmumu hmm
# ==================================================


@article{cmsHmm,
    author = "{CMS Collaboration}",
    collaboration = "CMS",
    title = "{Evidence for Higgs boson decay to a pair of muons}",
    eprint = "2009.04363",
    archivePrefix = "arXiv",
    primaryClass = "hep-ex",
    reportNumber = "CMS-HIG-19-006, CERN-EP-2020-164",
    year = "2020"
}

@article{cmsHmm35,
    author="{CMS Collaboration}",
    collaboration = "CMS",
    title = "{Search for the Higgs boson decaying to two muons in proton-proton collisions at $\sqrt{s} =$ 13 {TeV}}",
    eprint = "1807.06325",
    archivePrefix = "arXiv",
    primaryClass = "hep-ex",
    reportNumber = "CMS-HIG-17-019, CERN-EP-2018-165",
    doi = "10.1103/PhysRevLett.122.021801",
    journal = "Phys. Rev. Lett.",
    volume = "122",
    number = "2",
    pages = "021801",
    year = "2019"
}

@article{2021135980,
title = "A search for the dimuon decay of the Standard Model Higgs boson with the ATLAS detector",
journal = "Physics Letters B",
volume = "812",
pages = "135980",
year = "2021",
issn = "0370-2693",
doi = "https://doi.org/10.1016/j.physletb.2020.135980",
url = "http://www.sciencedirect.com/science/article/pii/S0370269320307838",
}


@article{atlasHmm,
    author = "{ATLAS Collaboration}",
    collaboration = "ATLAS",
    title = "A search for the dimuon decay of the Standard Model Higgs boson with the ATLAS detector",
    journal = "Physics Letters B",
    volume = "812",
    pages = "135980",
    year = "2021",
    issn = "0370-2693",
    doi = "https://doi.org/10.1016/j.physletb.2020.135980",
    url = "http://www.sciencedirect.com/science/article/pii/S0370269320307838",
    eprint = "2007.07830",
    archivePrefix = "arXiv",
    primaryClass = "hep-ex",
    reportNumber = "CERN-EP-2020-117 CERN-EP-2020-117 CERN-EP-2020-117 CERN-EP-2020-117",
    year = "2020"
}

@article{atlasHmm36,
    author = "{ATLAS Collaboration}",
    collaboration = "ATLAS",
    title = "{Search for the dimuon decay of the Higgs boson in $pp$ collisions at $\sqrt{s}$ = 13 {TeV} with the {ATLAS} detector}",
    eprint = "1705.04582",
    archivePrefix = "arXiv",
    primaryClass = "hep-ex",
    reportNumber = "CERN-EP-2017-078",
    doi = "10.1103/PhysRevLett.119.051802",
    journal = "Phys. Rev. Lett.",
    volume = "119",
    number = "5",
    pages = "051802",
    year = "2017"
}

@article{xgboost,
    author = "Chen, Tianqi and Guestrin, Carlos",
    title = "{XGBoost: A Scalable Tree Boosting System}",
    eprint = "1603.02754",
    archivePrefix = "arXiv",
    primaryClass = "cs.LG",
    doi = "10.1145/2939672.2939785",
    year = "2016"
}

@article{atlasHbb,
    title = "Observation of ${H}\to bb$ decays and {VH} production with the {ATLAS} detector",
    author = "{ATLAS Collaboration}",
    year = "2018",
    journal="Phys. Lett. B 786 (2018) 59",
    eprint         = "1808.08238",
    archivePrefix  = "arXiv",
}

@article{atlasHcc,
    title = "Search for the Decay of the Higgs Boson to Charm Quarks with the {ATLAS} Experiment",
    author = "{ATLAS Collaboration}",
    year = "2018",
    journal="Phys. Rev. Lett. 120 (2018) 211802",
    eprint         = "1802.04329",
    archivePrefix  = "arXiv",
}

@article{atlasTauTau,
    title = "Cross-section measurements of the Higgs boson decaying into a pair of tau-leptons in proton-proton collisions at $\sqrt{s}=13$ {TeV} with the {ATLAS} detector",
    author = "{ATLAS Collaboration}",
    year = "2019",
    journal="Phys. Rev. D 99, 072001 (2019)",
    eprint         = "1811.08856",
    archivePrefix  = "arXiv",
}

@article{cmsTauTau,
    title = "Observation of the Higgs boson decay to a pair of tau leptons with the {CMS} detector",
    author = "{CMS Collaboration}",
    year = "2018",
    journal="Phys. Lett. B 779 (2018) 283",
    eprint         = "1708.00373",
    archivePrefix  = "arXiv",
}

@article{atlashiggs,
    collaboration = "ATLAS",
    author = "{ATLAS Collaboration}",
    title = "{A combination of measurements of Higgs boson production and decay using up to $139$ fb$^{-1}$ of proton--proton collision data at $\sqrt{s}=$ 13 {TeV} collected with the {ATLAS} experiment}",
    reportNumber = "ATLAS-CONF-2020-027",
    month = "8",
    year = "2020"
}

@article{cmshiggs,
    author="{CMS Collaboration}",
    collaboration = "CMS",
    title = "{Observation of a New Boson at a Mass of 125 {GeV} with the CMS Experiment at the {LHC}}",
    eprint = "1207.7235",
    archivePrefix = "arXiv",
    primaryClass = "hep-ex",
    reportNumber = "CMS-HIG-12-028, CERN-PH-EP-2012-220",
    doi = "10.1016/j.physletb.2012.08.021",
    journal = "Phys. Lett. B",
    volume = "716",
    pages = "30--61",
    year = "2012"
}

% @article{cmsHmm,
%     author="{CMS Collaboration}",
%     collaboration = "CMS",
%     title = "{Measurement of Higgs boson decay to a pair of muons in proton-proton collisions at $\sqrt{s}=13\,\mathrm{TeV}$}",
%     reportNumber = "CMS-PAS-HIG-19-006",
%     month = "7",
%     year = "2020"
% }

@Article{cmsWidth,
    author="{CMS Collaboration}",
    collaboration = "CMS",
    title = "{Measurements of the Higgs boson width and anomalous ${HVV}$ couplings from on-shell and off-shell production in the four-lepton final state}",
    eprint = "1901.00174",
    archivePrefix = "arXiv",
    primaryClass = "hep-ex",
    reportNumber = "CMS-HIG-18-002, CERN-EP-2018-329",
    doi = "10.1103/PhysRevD.99.112003",
    journal = "Phys. Rev. D",
    volume = "99",
    number = "11",
    pages = "112003",
    year = "2019"
}

# ==================================================
# Sources statistics 
# ==================================================

@proceedings{eilam,
    cite = "PHYSTAT-LHC Workshop on Statistical Issues for LHC Physics",
    author = "Lyons, Louis and Prosper, Harrison B. and De Roeck, Albert",
    title = "{Statistical issues for {LHC} physics. Proceedings, Workshop, {PHYSTAT-LHC}, Geneva, Switzerland, June 27-29, 2007}",
    reportNumber = "CERN-2008-001",
    doi = "10.5170/CERN-2008-001",
    series = "CERN Yellow Reports: Conference Proceedings",
    year = "2008"
}

# ==================================================
# Sources CI 
# ==================================================

@article{ciAaron,
    author = "{ATLAS Collaboration}",
    collaboration = "ATLAS",
    title = "{Search for new non-resonant phenomena in high-mass dilepton final states with the {ATLAS} detector}",
    eprint = "2006.12946",
    archivePrefix = "arXiv",
    primaryClass = "hep-ex",
    reportNumber = "CERN-EP-2020-066",
    doi = "10.1007/JHEP11(2020)005",
    journal = "JHEP",
    volume = "11",
    pages = "005",
    year = "2020"
}

@article{fbasym,
    author = "Aaij, Roel and others",
    collaboration = "LHCb",
    title = "{Measurement of the forward-backward asymmetry in $Z/\gamma^{\ast} \rightarrow \mu^{+}\mu^{-}$ decays and determination of the effective weak mixing angle}",
    eprint = "1509.07645",
    archivePrefix = "arXiv",
    primaryClass = "hep-ex",
    reportNumber = "LHCB-PAPER-2015-039, CERN-PH-EP-2015-250",
    doi = "10.1007/JHEP11(2015)190",
    journal = "JHEP",
    volume = "11",
    pages = "190",
    year = "2015"
}

@article{cmsCi,
    author = "{CMS Collaboration}",
    collaboration = "CMS",
    title = "{Search for contact interactions and large extra dimensions in the dilepton mass spectra from proton-proton collisions at $\sqrt{s} =$ 13 {TeV}}",
    eprint = "1812.10443",
    archivePrefix = "arXiv",
    primaryClass = "hep-ex",
    reportNumber = "CMS-EXO-17-025, CERN-EP-2018-326",
    doi = "10.1007/JHEP04(2019)114",
    journal = "JHEP",
    volume = "04",
    pages = "114",
    year = "2019"
}

@article{alephCi,
   title={Study of fermion pair production in $\mathrm{e^+ e^-}$ collisions at 130-183 {GeV}},
   volume={12},
   ISSN={1434-6052},
   DOI={10.1007/s100529900223},
   number={2},
   journal={The European Physical Journal C},
   publisher={Springer Science and Business Media LLC},
   author={Barate et al., R.},
   year={2000},
   month={Jan},
   pages={183-207}
}

@article{zeusCi,
   title={Search for contact interactions, large extra dimensions and finite quark radius in ep collisions at {HERA}},
   volume={591},
   ISSN={0370-2693},
   DOI={10.1016/j.physletb.2004.03.081},
   number={1-2},
   journal={Physics Letters B},
   publisher={Elsevier BV},
   author={Chekanov, S. and Derrick, M. and Krakauer, D. and Loizides, J.H. and Magill, S. and Miglioranzi, S. and Musgrave, B. and Repond, J. and Yoshida, R. and Mattingly, M.C.K. and et al.},
   year={2004},
}

@article{wprime,
    title = "Search for a heavy charged boson in events with a charged lepton and missing transverse momentum from p-p collisions at $\sqrt{s}=13$ {TeV} with the {ATLAS} detector",
    author         = "{ATLAS Collaboration}",
    year = "2019",
    journal="Phys. Rev. D 100, 052013",
}

@article{chala,
    title = "An Introduction to Quantum Field Theory",
    author = "de Blas, J. and Chala, M. and Jose Santiago",
    year = "2013",
    eprint         = "1307.5068",
    archivePrefix  = "arXiv",
    journal="Phys. Rev. D 88, 095011",
}

@article{peskin,
    title = "An Introduction to Quantum Field Theory",
    author = "Michael E. Peskin and Daniel V. Schroeder",
    year = "1995",
  publisher = "CRC Press",
}

@article{eichten,
    author = "Eichten, E. and Lane, Kenneth D. and Peskin, Michael E.",
    editor = "Tran Thanh Van, J.",
    title = "{New Tests for Quark and Lepton Substructure}",
    reportNumber = "SLAC-PUB-3128, FERMILAB-PUB-83-015-THY, FERMILAB-PUB-83-015-T",
    doi = "10.1103/PhysRevLett.50.811",
    journal = "Phys. Rev. Lett.",
    volume = "50",
    pages = "811--814",
    year = "1983",
}

@article{acosta,
      title={Contact Interactions at the {LHC}}, 
      author={Monica Vazquez Acosta},
      year={2007},
      eprint={0709.2518},
      archivePrefix={arXiv},
      primaryClass={hep-ex}
}

@article{read,
    author = "Read, Alexander L.",
    editor = "Whalley, M.R. and Lyons, L.",
    title = "{Presentation of search results: The {CL}(s) technique}",
    doi = "10.1088/0954-3899/28/10/313",
    journal = "J. Phys. G",
    volume = "28",
    pages = "2693--2704",
    year = "2002"
}

@article{minuit,
    author = "James, F.",
    title = "{MINUIT Function Minimization and Error Analysis:  Reference Manual Version 94.1}",
    reportNumber = "CERN-D-506, CERN-D506",
    year = "1994"
}

% RooFit
@article{roofit,
    author = "Verkerke, Wouter and Kirkby, David P.",
    editor = "Lyons, L. and Karagoz, Muge",
    title = "{The RooFit toolkit for data modeling}",
    eprint = "physics/0306116",
    archivePrefix = "arXiv",
    reportNumber = "CHEP-2003-MOLT007",
    journal = "eConf",
    volume = "C0303241",
    pages = "MOLT007",
    year = "2003"
}


@article{LUCID2,
  author="G. Avoni and others",
  title="The new LUCID-2 detector for luminosity measurement and monitoring in {ATLAS}",
  journal="JINST",
  volume="13",
  number="07",
  pages="P07017",
  doi="10.1088/1748-0221/13/07/P07017",
  year="2018",
}



%%%%%%%%%%%%%%%%%%%%%%%%%%%%%%%%%%%%%%%%%%%%%%%%%%%%%%%%%%%%%%%%%%%%%%%%%%%%%%%%%%%%%%%%%%%%%%%%%%%%
%%%%%%%%%%%%%%%%%%%%%%%%%%%%%%%%%%%%%%%%%%%%%%%%%%%%%%%%%%%%%%%%%%%%%%%%%%%%%%%%%%%%%%%%%%%%%%%%%%%%
%%% Addressed (books)
%%%%%%%%%%%%%%%%%%%%%%%%%%%%%%%%%%%%%%%%%%%%%%%%%%%%%%%%%%%%%%%%%%%%%%%%%%%%%%%%%%%%%%%%%%%%%%%%%%%%
%%%%%%%%%%%%%%%%%%%%%%%%%%%%%%%%%%%%%%%%%%%%%%%%%%%%%%%%%%%%%%%%%%%%%%%%%%%%%%%%%%%%%%%%%%%%%%%%%%%%

book
author         = "", 
title          = "",
year           = "", 
publisher      = "", 

@book{wells,
    title = "Elementary Particle Physics",
    author = "James Wells",
    year = "2015",
    publisher = "[Manuscript planned for publication]",
}

@book{triggerTdr,
    title = "Level-1 Trigger : Technical Design Report",
    author = "{ATLAS Level-1 Trigger Group}",
    year="1998",
    publisher = "CERN",
}

@book{muonTdr,
    title = "{ATLAS} muon spectrometer : Technical Design Report",
    author = "{ATLAS Muon Collaboration}",
    year="1997",
    publisher = "CERN",
}

@book{tileTdr,
    title = "{ATLAS} Tile Calorimeter : Technical Design Report",
    author = "{ATLAS/Tile Calorimeter Collaboration}",
    year="1996",
    publisher = "CERN",
}

@book{magnetTdr,
    title = "{ATLAS} magnet system : Technical Design Report, 1",
    author = "{ATLAS Collaboration}",
    journal = "Geneva : CERN, 1997",
    publisher = "CERN",
}

@book{idTdr,
    title = "{ATLAS} inner detector : Technical Design Report, 1",
    author = "{ATLAS Collaboration}",
    journal = "Geneva : CERN, 1997",
    publisher = "CERN",
}

@book{larTdr,
    title = "{ATLAS} Liquid-Argon Calorimeter : Technical Design Report",
    author = "ATLAS LARG Unit",
    year="1996",
    publisher = "CERN",
}

@book{grupen,
    title          = "Particle Detectors: Second Edition",
    author         = "Glaus Grupen and Boris Shwartz",
    year           = "2008",
    publisher = "Cambridge University Press",
}

@book{pfeifer,
    title = "The Lie Algebras {su(N)}: An Introduction",
    author = "Walter Pfeifer",
    year = "2003",
    publisher = "Springer Basel AG",
}

@book{higgsCross,
    title = "Handbook of {LHC} Higgs Cross Sections: 4. Deciphering the Nature of the Higgs Sector",
    author = "{LHC Higgs Cross Section Working Group}",
    date = 2017,
    publisher = "CERN",
}


@book{ibragimov,
    title = "Transformation Groups and Lie Algebras",
    author = "Nail H Ibragimov",
    year = "2013",
    publisher = "World Scientific",
}

# ==================================================
# Formatted by CERN
# ==================================================

% Powheg-Box
@article{Alioli:2010xd,
      author         = "Alioli, Simone and Nason, Paolo and Oleari, Carlo and Re Emanuele",
      title          = "A general framework for implementing {NLO} calculations in shower Monte Carlo programs: the {POWHEG} {BOX}",
      journal        = "JHEP",
      volume         = "06",
      pages          = "043",
      doi            = "10.1007/JHEP06(2010)043",
      year           = "2010",
      eprint         = "1002.2581",
      archivePrefix  = "arXiv",
      primaryClass   = "hep-ph",
}
% Sherpa

@article{Gleisberg:2008ta,
      author         = "Gleisberg, T. and H{\"o}che, S. and Krauss, F. and Sch{\"o}nherr, M. and Schumann, S. and others",
      title          = "Event generation with {SHERPA} 1.1",
      journal        = "JHEP",
      volume         = "02",
      pages          = "007",
      doi            = "10.1088/1126-6708/2009/02/007",
      year           = "2009",
      eprint         = "0811.4622",
      archivePrefix  = "arXiv",
      primaryClass   = "hep-ph",
}

% MadGraph5 v2.X / MadGraph5_aMCatNLO, for hmm DY

@article{Alwall:2014hca,
      author         = "Alwall, J. and Frederix, R. and Frixione, S. and Hirschi, V. and Maltoni, F. and Mattelaer, O. and Shao, H. -S. and Stelzer, T. and Torrielli, P. and Zaro, M.",
      title          = "The automated computation of tree-level and next-to-leading order differential cross sections, and their matching to parton shower simulations",
      journal        = "JHEP",
      volume         = "07",
      year           = "2014",
      pages          = "079",
      doi            = "10.1007/JHEP07(2014)079",
      eprint         = "1405.0301",
      archivePrefix  = "arXiv",
      primaryClass   = "hep-ph",
      reportNumber   = "CERN-PH-TH-2014-064, CP3-14-18, LPN14-066, MCNET-14-09, ZU-TH-14-14",
}
% Powheg, for hmm

@article{Frixione:2007vw,
      author         = "Frixione, Stefano and Nason, Paolo and Oleari, Carlo",
      title          = "{Matching {NLO} {QCD} computations with parton shower, simulations: the {POWHEG} method}",
      journal        = "JHEP",
      volume         = "11",
      pages          = "070",
      doi            = "10.1088/1126-6708/2007/11/070",
      year           = "2007",
      eprint         = "0709.2092",
      archivePrefix  = "arXiv",
      primaryClass   = "hep-ph",
}
% MadGraph5 v2.X / MadGraph5_aMCatNLO

@article{Alwall:2014hca,
      author         = "Alwall, J. and Frederix, R. and Frixione, S. and Hirschi,
                        V. and Maltoni, F. and Mattelaer, O. and Shao, H. -S. and
                        Stelzer, T. and Torrielli, P. and Zaro, M.",
      title          = "The automated computation of tree-level and next-to-leading order differential cross sections, and their matching to parton shower simulations",
      journal        = "JHEP",
      volume         = "07",
      year           = "2014",
      pages          = "079",
      doi            = "10.1007/JHEP07(2014)079",
      eprint         = "1405.0301",
      archivePrefix  = "arXiv",
      primaryClass   = "hep-ph",
      reportNumber   = "CERN-PH-TH-2014-064, CP3-14-18, LPN14-066, MCNET-14-09,
                        ZU-TH-14-14",
}
% Top++

@article{Czakon:2011xx,
  author         = "Czakon, Michal and Mitov, Alexander",
  title          = "Top++: A Program for the Calculation of the Top-Pair Cross-Section at Hadron Colliders",
  journal        = "Comput. Phys. Commun.",
  volume         = "185",
  year           = "2014",
  pages          = "2930",
  doi            = "10.1016/j.cpc.2014.06.021",
  eprint         = "1112.5675",
  archivePrefix  = "arXiv",
  primaryClass   = "hep-ph",
  reportNumber   = "CERN-PH-TH-2011-303, TTK-11-58",
}

@article{Kidonakis:2011wy,
      author         = "Kidonakis, Nikolaos",
      title          = "Next-to-next-to-leading-order collinear and soft gluon corrections for t-channel single top quark production",
      journal        = "Phys. Rev.",
      volume         = "D83",
      year           = "2011",
      pages          = "091503",
      doi            = "10.1103/PhysRevD.83.091503",
      eprint         = "1103.2792",
      archivePrefix  = "arXiv",
      primaryClass   = "hep-ph",
}

@article{ATL-PHYS-PUB-2017-005,
    author         = "{ATLAS Collaboration}",
    title          = "Multi-Boson Simulation for 13 {TeV} {ATLAS} Analyses",
    howpublished   = "ATL-PHYS-PUB-2017-005",
    publisher="CERN",
    year           = "2017",
}

@article{Kidonakis:2010ux,
      author         = "Kidonakis, Nikolaos",
      title          = "Two-loop soft anomalous dimensions for single top quark associated production with a {W}- or {H}-",
      journal        = "Phys. Rev.",
      volume         = "D82",
      year           = "2010",
      pages          = "054018",
      doi            = "10.1103/PhysRevD.82.054018",
      eprint         = "1005.4451",
      archivePrefix  = "arXiv",
      primaryClass   = "hep-ph",
}

@article{ATL-PHYS-PUB-2014-021,
    author         = "{ATLAS Collaboration}",
    title          = "{ATLAS} Pythia~8 tunes to 7~{TeV} data",
    howpublished   = "ATL-PHYS-PUB-2014-021",
    publisher="CERN",
    year           = "2014",
}

@article{Artoisenet:2012st,
      author         = "Artoisenet, Pierre and Frederix, Rikkert and Mattelaer,
                        Olivier and Rietkerk, Robbert",
      title          = "Automatic spin-entangled decays of heavy resonances in Monte Carlo simulations",
      journal        = "JHEP",
      volume         = "03",
      year           = "2013",
      pages          = "015",
      doi            = "10.1007/JHEP03(2013)015",
      eprint         = "1212.3460",
      archivePrefix  = "arXiv",
      primaryClass   = "hep-ph",
      reportNumber   = "NIKHEF-2012-021, CERN-PH-TH-2012-329",
}

@article{Stump:2003yu,
      author         = "Stump, Daniel and Huston, Joey and Pumplin, Jon and Tung, Wu-Ki and Lai, H. L. and Kuhlmann, Steve and Owens, J. F.",
      title          = "Inclusive jet production, parton distributions, and the search for new physics",
      journal        = "JHEP",
      volume         = "10",
      year           = "2003",
      pages          = "046",
      doi            = "10.1088/1126-6708/2003/10/046",
      eprint         = "hep-ph/0303013",
      archivePrefix  = "arXiv",
      reportNumber   = "MSU-HEP-030303",
}

@article{Arbuzov:2012dx,
      author         = "Arbuzov, A. B. and Sadykov, R. R. and Was, Z.",
      title          = "QED Bremsstrahlung in decays of electroweak bosons",
      journal        = "Eur. Phys. J.",
      volume         = "C 73",
      year           = "2013",
      number         = "11",
      pages          = "2625",
      doi            = "10.1140/epjc/s10052-013-2625-1",
      eprint         = "1212.6783",
      archivePrefix  = "arXiv",
      primaryClass   = "hep-ph",
      reportNumber   = "IFJPAN-IV-2012-14, CERN-PH-TH-2012-354",
}

@article{Golonka:2005pn,
      author         = "Golonka, Piotr and Was, Zbigniew",
      title          = "{PHOTOS} Monte Carlo: a precision tool for {QED} corrections in ${Z}$ and ${W}$ decays",
      journal        = "Eur. Phys. J. C",
      volume         = "45",
      year           = "2006",
      pages          = "97-107",
      doi            = "10.1140/epjc/s2005-02396-4",
      eprint         = "hep-ph/0506026",
      archivePrefix  = "arXiv",
      reportNumber   = "IFJPAN-V-05-01, CERN-PH-TH-2005-091",
}
% NNPDF 3.0 PDFs

@article{Ball:2014uwa,
      author         = "Ball, Richard D. and others",
      title          = "Parton distributions for the {LHC} Run {II}",
      collaboration  = "NNPDF",
      journal        = "JHEP",
      volume         = "04",
      year           = "2015",
      pages          = "040",
      doi            = "10.1007/JHEP04(2015)040",
      eprint         = "1410.8849",
      archivePrefix  = "arXiv",
      primaryClass   = "hep-ph",
      reportNumber   = "EDINBURGH-2014-15, IFUM-1034-FT, CERN-PH-TH-2013-253,
                        OUTP-14-11P, CAVENDISH-HEP-14-11",
}
% Used by NR

@article{ct10,
author         = "Lai, Hung-Liang and others",
title          = "New parton distributions for collider physics",
journal        = "Phys. Rev. D",
volume         = "82",
pages          = "074024",
doi            = "10.1103/PhysRevD.82.074024",
year           = "2010",
eprint         = "1007.2241",
archivePrefix  = "arXiv",
primaryClass   = "hep-ph",
reportNumber   = "MSUHEP-100707, SMU-HEP-10-10",
}
% NNPDF 2.3 PDFs

@article{Ball:2012cx,
      author         = "Ball, Richard D. and others",
      title          = "Parton distributions with {LHC} data",
      journal        = "Nucl. Phys. B",
      volume         = "867",
      year           = "2013",
      pages          = "244",
      doi            = "10.1016/j.nuclphysb.2012.10.003",
      eprint         = "1207.1303",
      archivePrefix  = "arXiv",
      primaryClass   = "hep-ph",
      reportNumber   = "EDINBURGH-2012-08, IFUM-FT-997, FR-PHENO-2012-014,
                        RWTH-TTK-12-25, CERN-PH-TH-2012-037, SFB-CPP-12-47\,
                        --CERN-PH-TH-2012-037",
}

@article{Hamilton:2013fea,
      author         = "Hamilton, Keith and Nason, Paolo and Re, Emanuele and Zanderighi, Giulia",
      title          = "{NNLOPS} simulation of Higgs boson production",
      journal        = "JHEP",
      volume         = "10",
      year           = "2013",
      pages          = "222",
      doi            = "10.1007/JHEP10(2013)222",
      eprint         = "1309.0017",
      archivePrefix  = "arXiv",
      primaryClass   = "hep-ph",
      reportNumber   = "MCNET-13-11, CERN-PH-TH-2013-205, OUTP-13-18P",
}

@article{pythia8,
author         = "{Sj\"ostrand}, Torbjorn and Mrenna, Stephen and Skands, Peter Z.",
title          = "A brief introduction to PYTHIA 8.1",
journal        = "Comput. Phys. Commun.",       volume         = "178",
pages          = "852",
doi            = "10.1016/j.cpc.2008.01.036",
year           = "2008",       eprint         = "0710.3820",
archivePrefix  = "arXiv",
primaryClass   = "hep-ph",
reportNumber   = "CERN-LCGAPP-2007-04, LU-TP-07-28,
                  FERMILAB-PUB-07-512-CD-T",
}

@article{Lange:2001uf,
      author         = "Lange, D. J.",
      title          = "The EvtGen particle decay simulation package",
      booktitle      = "Proceedings, 7th International Conference on {B} physics at hadron machines ({BEAUTY} 2000): Maagan, Israel, September 13-18, 2000",
      journal        = "Nucl. Instrum. Meth. A",
      volume         = "462",
      year           = "2001",
      pages          = "152-155",
      doi            = "10.1016/S0168-9002(01)00089-4",
}

@article{geant,
author         = "Agostinelli, S. and others",
title          = "{GEANT} 4 -- a simulation toolkit",
collaboration  = "{GEANT4}",
journal        = "Nucl. Instrum. Meth. A",
volume         = "506",
pages          = "250",
doi            = "10.1016/S0168-9002(03)01368-8",
year           = "2003",
}

@article{SOFT-2010-01,
    author         = "{ATLAS Collaboration}",
    title          = "The {ATLAS} Simulation Infrastructure",
    journal        = "Eur. Phys. J. C",
    volume         = "70",
    year           = "2010",
    pages          = "823",
    doi            = "10.1140/epjc/s10052-010-1429-9",
    eprint         = "1005.4568",
    archivePrefix  = "arXiv",
    primaryClass   = "physics.ins-det",
}

@article{Butterworth:2015oua,
      author         = "Butterworth, Jon and others",
      title          = "{PDF4LHC} recommendations for {LHC} Run {II}",
      journal        = "J. Phys. G",
      volume         = "43",
      year           = "2016",
      pages          = "023001",
      doi            = "10.1088/0954-3899/43/2/023001",
      eprint         = "1510.03865",
      archivePrefix  = "arXiv",
      primaryClass   = "hep-ph",
      reportNumber   = "OUTP-15-17P, SMU-HEP-15-12, TIF-UNIMI-2015-14,
                        LCTS-2015-27, CERN-PH-TH-2015-249",
}

@article{met,
    author         = "{ATLAS Collaboration}",
    title          = "Performance of missing transverse momentum reconstruction with the {ATLAS} detector using proton--proton collisions at $\sqrt{s}=13$ {TeV}",
    journal        = "Eur. Phys. J. C",
    volume         = "78",
    year           = "2018",
    pages          = "903",
    doi            = "10.1140/epjc/s10052-018-6288-9",
    reportNumber   = "CERN-EP-2017-274",
    eprint         = "1802.08168",
    archivePrefix  = "arXiv",
    primaryClass   = "hep-ex",
}

@article{EXOT-2015-07,
    author         = "{ATLAS Collaboration}",
    title          = "Search for high-mass new phenomena in the dilepton final state using proton--proton collisions at $\sqrt{s}=13$ {TeV} with the {ATLAS} detector",
    journal        = "Phys. Lett. B",
    volume         = "761",
    year           = "2016",
    pages          = "372",
    doi            = "10.1016/j.physletb.2016.08.055",
    reportNumber   = "CERN-EP-2016-116",
    eprint         = "1607.03669",
    archivePrefix  = "arXiv",
    primaryClass   = "hep-ex",
}
# In this block: need to read

@article{Martin:2005pi,
        author         = "Martin, A. D. and R. G. Roberts and Stirling, W.J. and Thorne, R. S.",
        title          = "Parton distributions incorporating QED contributions",
        journal        = "Eur. Phys. J. C",
        volume         = "39",
        pages          = "155",
        doi            = "10.1140/epjc/s2004-02088-7",
        year           = "2005",
        eprint         = "hep-ph/0411040",
        archivePrefix  = "arXiv",
		  reportNumber = "IPPP-04-62, DCPT-04-124, CAVENDISH-HEP-2004-28",
}

@article{Aad:2019fac,
      author         = "{ATLAS Collaboration}",
      title          = "Search for high-mass dilepton resonances using 139, fb$^{-1}$ of $pp$ collision data collected at $\sqrt{s}=$13 {TeV} with the {ATLAS} detector",
      collaboration  = "ATLAS",
      journal        = "Phys. Lett. B",
      volume         = "796",
      year           = "2019",
      pages          = "68-87",
      doi            = "10.1016/j.physletb.2019.07.016",
      eprint         = "1903.06248",
      archivePrefix  = "arXiv",
      primaryClass   = "hep-ex",
      reportNumber   = "CERN-EP-2019-030",
}

@article{vrap,
      author         = "Anastasiou, Charalampos and Dixon, Lance J. and Melnikov Kirill and Petriello, Frank",
      title          = "High-precision QCD at hadron colliders: Electroweak gauge boson rapidity distributions at next-to-next-to leading order",
      journal        = "Phys. Rev. D",
      volume         = "69",
      year           = "2004",
      pages          = "094008",
      doi            = "10.1103/PhysRevD.69.094008",
      eprint         = "hep-ph/0312266",
      archivePrefix  = "arXiv",
      reportNumber   = "SLAC-PUB-10288, UH-511-1042-03",
}

@article{CT14,
      author         = "Dulat, Sayipjamal and Hou, Tie-Jiun and Gao, Jun and Guzzi, Marco and Huston, Joey and Nadolsky, Pavel and Pumplin, Jon and Schmidt, Carl and Stump, Daniel and Yuan, C. P.",
      title          = "New parton distribution functions from a global analysis of quantum chromodynamics",
      journal        = "Phys. Rev. D",
      volume         = "93",
      year           = "2016",
      number         = "3",
      pages          = "033006",
      doi            = "10.1103/PhysRevD.93.033006",
      eprint         = "1506.07443",
      archivePrefix  = "arXiv",
      primaryClass   = "hep-ph",
}

@article{MCSANC,
      author         = "Arbuzov, A. and Bardin, D. and Bondarenko, S. and Christova, P. and Kalinovskaya, L. and Klein, U. and Kolesnikov, V. and Rumyantsev, L. and Sadykov, R. and Sapronov, A.",
      title          = "Update of the {MCSANC} Monte Carlo integrator, v. 1.20",
      journal        = "JETP Lett.",
      volume         = "103",
      year           = "2016",
      number         = "2",
      pages          = "131-136",
      doi            = "10.1134/S0021364016020041",
      eprint         = "1509.03052",
      archivePrefix  = "arXiv",
      primaryClass   = "hep-ph",
}

@article{Aad:2012hf,
      author         = "{ATLAS Collaboration}",
      title          = "Search for high-mass resonances decaying to dilepton final states in $pp$ collisions at $\sqrt{s}=7$~{TeV} with the {ATLAS} detector",
      collaboration  = "ATLAS",
      journal        = "JHEP",
      volume         = "11",
      year           = "2012",
      pages          = "138",
      doi            = "10.1007/JHEP11(2012)138",
      eprint         = "1209.2535",
      archivePrefix  = "arXiv",
      primaryClass   = "hep-ex",
      reportNumber   = "CERN-PH-EP-2012-190",
}

@article{Abdallah:2008ab,
      author         = "Abdallah, J. and others",
      title          = "A Study of $b \overline{b}$ Production in $e^+e^-$ Collisions at $\sqrt{s}$ = 130-{GeV} - 207-{GeV}",
      collaboration  = "DELPHI",
      journal        = "Eur. Phys. J.",
      volume         = "C 60",
      pages          = "1-15",
      doi            = "10.1140/epjc/s10052-009-0917-2",
      year           = "2009",
      eprint         = "0901.4461",
      archivePrefix  = "arXiv",
      primaryClass   = "hep-ex",
      reportNumber   = "CERN-PH-EP-2008-018",
}

@article{Aaboud:2016cth,
    author = "{ATLAS Collaboration}",
      title          = "Search for high-mass new phenomena in the dilepton final state using proton-proton collisions at $\sqrt{s}=13$ {TeV} with the {ATLAS} detector",
      collaboration  = "ATLAS",
      journal        = "Phys. Lett.",
      volume         = "B761",
      year           = "2016",
      pages          = "372-392",
      doi            = "10.1016/j.physletb.2016.08.055",
      eprint         = "1607.03669",
      archivePrefix  = "arXiv",
      primaryClass   = "hep-ex",
      reportNumber   = "CERN-EP-2016-116",
}

@article{Schael:2006wu,
      author         = "Schael, S. and others",
      title          = "Fermion pair production in $e^{+} e^{-}$ collisions at 189-209-{GeV} and constraints on physics beyond the standard model",
      collaboration  = "ALEPH",
      journal        = "Eur. Phys. J.",
      volume         = "C 49",
      pages          = "411-437",
      doi            = "10.1140/epjc/s10052-006-0156-8",
      year           = "2007",
      eprint         = "hep-ex/0609051",
      archivePrefix  = "arXiv",
}

@article{EXOT-2016-05,
    author         = "{ATLAS Collaboration}",
    title          = "Search for new high-mass phenomena in the dilepton final state using 36 fb$^{-1}$ of proton--proton collision data at $\sqrt{s}=13\,\text{TeV}$ with the {ATLAS} detector",
    journal        = "JHEP",
    volume         = "10",
    year           = "2017",
    pages          = "182",
    doi            = "10.1007/JHEP10(2017)182",
    reportNumber   = "CERN-EP-2017-119",
    eprint         = "1707.02424",
    archivePrefix  = "arXiv",
    primaryClass   = "hep-ex",
}

@article{Aad:2014wca,
      author         = "{ATLAS Collaboration}",
      title          = "Search for contact interactions and large extra dimensions in the dilepton channel using proton-proton collisions at $\sqrt{s}$=8 {TeV} with the {ATLAS} detector",
      collaboration  = "ATLAS",
      journal        = "Eur. Phys. J.",
      volume         = "C74",
      year           = "2014",
      number         = "12",
      pages          = "3134",
      doi            = "10.1140/epjc/s10052-014-3134-6",
      eprint         = "1407.2410",
      archivePrefix  = "arXiv",
      primaryClass   = "hep-ex",
      reportNumber   = "CERN-PH-EP-2014-135",
}

@article{Khachatryan:2014fba,
      author         = "{CMS Collaboration}",
      title          = "Search for physics beyond the standard model in dilepton mass spectra in proton-proton collisions at $\sqrt{s}=8$ {TeV}",
      collaboration  = "CMS",
      journal        = "JHEP",
      volume         = "04",
      year           = "2015",
      pages          = "025",
      doi            = "10.1007/JHEP04(2015)025",
      eprint         = "1412.6302",
      archivePrefix  = "arXiv",
      primaryClass   = "hep-ex",
      reportNumber   = "CMS-EXO-12-061, CERN-PH-EP-2014-272",
}

@article{Abulencia:2006iv,
      author         = "Abulencia, A. and others",
      title          = "Search for $Z^\prime \to e^+ e^-$ using dielectron mass and angular distribution.",
      collaboration  = "CDF",
      journal        = "Phys. Rev. Lett.",
      volume         = "96",
      pages          = "211801",
      doi            = "10.1103/PhysRevLett.96.211801",
      year           = "2006",
      eprint         = "hep-ex/0602045",
      archivePrefix  = "arXiv",
      reportNumber   = "FERMILAB-PUB-06-038-E",
}

@article{Fermi:1934hr,
      author         = "Fermi, E.",
      title          = "An attempt of a theory of beta radiation. 1.",
      journal        = "Z.Phys.",
      volume         = "88",
      pages          = "161-177",
      doi            = "10.1007/BF01351864",
      year           = "1934",
      reportNumber   = "UCRL-TRANS-726",
}

@article{Eichten:1984eu,
      author         = "Eichten, E. and Hinchliffe, I. and Lane, Kenneth D. and Quigg, C.",
      title          = "Super Collider Physics",
      journal        = "Rev.Mod.Phys.",
      volume         = "56",
      pages          = "579-707",
      doi            = "10.1103/RevModPhys.56.579, 10.1103/RevModPhys.58.1065",
      year           = "1984",
      reportNumber   = "FERMILAB-PUB-84-017-T, LBL-16875, DOE-ER-01545-345",
}

@article{EXOT-2013-19,
    author         = "{ATLAS Collaboration}",
    title          = "Search for contact interactions and large extra dimensions in the dilepton channel using proton--proton collisions at $\sqrt{s} = 8\,\text{TeV}$  with the {ATLAS} detector",
    journal        = "Eur. Phys. J. C",
    volume         = "74",
    year           = "2014",
    pages          = "3134",
    doi            = "10.1140/epjc/s10052-014-3134-6",
    reportNumber   = "CERN-PH-EP-2014-135",
    eprint         = "1407.2410",
    archivePrefix  = "arXiv",
    primaryClass   = "hep-ex",
}

@article{EXOT-2012-17,
    author         = "{ATLAS Collaboration}",
    title          = "Search for contact interactions and large extra dimensions in dilepton events from $pp$   collisions at  $\sqrt{s} = 7\,\text{TeV}$  with the {ATLAS} detector",
    journal        = "Phys. Rev. D",
    volume         = "87",
    year           = "2013",
    pages          = "015010",
    doi            = "10.1103/PhysRevD.87.015010",
    reportNumber   = "CERN-PH-EP-2012-279",
    eprint         = "1211.1150",
    archivePrefix  = "arXiv",
    primaryClass   = "hep-ex",
}

@article{Aaron:2011mv,
      author         = "Aaron, F.D. and others",
      title          = "Search for Contact Interactions in $e^{\pm}p$ Collisions at {HERA}",
      collaboration  = "H1",
      journal        = "Phys. Lett.",
      volume         = "B 705",
      pages          = "52-58",
      doi            = "10.1016/j.physletb.2011.09.109",
      year           = "2011",
      eprint         = "1107.2478",
      archivePrefix  = "arXiv",
      primaryClass   = "hep-ex",
      reportNumber   = "DESY-11-114",
}

@article{Abazov:2009ac,
      author         = "Abazov, V.M. and others",
      title          = "Measurement of dijet angular distributions at $\sqrt{s}$~= 1.96-{TeV} and searches for quark compositeness and extra spatial dimensions",
      collaboration  = "D0",
      journal        = "Phys. Rev. Lett.",
      volume         = "103",
      pages          = "191803",
      doi            = "10.1103/PhysRevLett.103.191803",
      year           = "2009",
      eprint         = "0906.4819",
      archivePrefix  = "arXiv",
      primaryClass   = "hep-ex",
      reportNumber   = "FERMILAB-PUB-09-326-E",
}

@article{Anthony:2005pm,
      author         = "Anthony, P.L. and others",
      title          = "Precision measurement of the weak mixing angle in Moller scattering",
      collaboration  = "SLAC E158",
      journal        = "Phys. Rev. Lett.",
      volume         = "95",
      pages          = "081601",
      doi            = "10.1103/PhysRevLett.95.081601",
      year           = "2005",
      eprint         = "hep-ex/0504049",
      archivePrefix  = "arXiv",
      primaryClass   = "hep-ex",
      reportNumber   = "SLAC-PUB-11149",
}

@article{jpsiBnl,
  title = {Experimental Observation of a Heavy Particle $J$},
  author = {Aubert, J. J. and others},
  journal = {Phys. Rev. Lett.},
  volume = {33},
  pages = {1404--1406},
  numpages = {0},
  year = {1974},
  publisher = {American Physical Society},
  doi = {10.1103/PhysRevLett.33.1404},
}

@article{jpsiSlac,
  title = {Discovery of a Narrow Resonance in ${e}^{+}{e}^{-}$ Annihilation},
  author = {Augustin, J. E. and others},
  journal = {Phys. Rev. Lett.},
  volume = {33},
  pages = {1406--1408},
  numpages = {0},
  year = {1974},
  publisher = {American Physical Society},
  doi = {10.1103/PhysRevLett.33.1406},
}

@article{z0ua1,
    author = "{UA1 Collaboration}",
    collaboration = "{UA1 Collaboration}",
    title = "Experimental observation of lepton pairs of invariant mass around 95$\,$GeV/c$^2$ at the {CERN} {SPS} collider",
    journal = "Phys. Lett. B",
    volume = "126",
    number = "5",
    pages = "398 - 410",
    year = "1983",
    note = "",
    issn = "0370-2693",
    doi = "10.1016/0370-2693(83)90188-0",
}

@article{z0ua2,
    author = "{UA2 Collaboration}",
    collaboration = "{UA2 Collaboration}",
    title = "Evidence for ${Z}^0\rightarrow e^+e^-$ at the {CERN} pp collider",
    journal = "Phys. Lett. B",
    volume = "129",
    number = "1",
    pages = "130 - 140",
    year = "1983",
    note = "",
    issn = "0370-2693",
    doi = "10.1016/0370-2693(83)90744-X",
}

@article{upsilon,
   author = {{Herb}, S.~W. and others},
    title = "Observation of a Dimuon Resonance at 9.5 {GeV} in 400-{GeV} Proton-Nucleus Collisions",
  journal = {Phys. Rev. Lett.},
     year = 1977,
   volume = 39,
    pages = {252-255},
      doi = {10.1103/PhysRevLett.39.252},
}

%%%%%%%%%%%%%%%%%%%%%%%%%%%%%%%%%%%%%%%%%%%%%%%%%%%%%%%%%%%%%%%%%%%%%%%%%%%%%%%%%%%%%%%%%%%%%%%%%%%%
% Proceedings (not fixed)
%%%%%%%%%%%%%%%%%%%%%%%%%%%%%%%%%%%%%%%%%%%%%%%%%%%%%%%%%%%%%%%%%%%%%%%%%%%%%%%%%%%%%%%%%%%%%%%%%%%%


@inproceedings{tile,
    author = "Henriques, A.",
    collaboration = "ATLAS",
    title = "{The {ATLAS} Tile Calorimeter}",
    booktitle = "{4th International Conference on Advancements in Nuclear Instrumentation Measurement Methods and their Applications}",
    doi = "10.1109/ANIMMA.2015.7465554",
    series = "IEEE Nucl.Sci.Symp.Conf.Rec.",
    year = "2015"
}

@article{trt,
    title = "{ATLAS} Transition Radiation Tracker ({TRT}): Straw Tube Gaseous Detectors at High Rates",
    author = "Adrian Vogel",
    year="2013",
    journal = "13th Vienna Conference on Instrumentation, Vienna, Austria, 11 - 15 Feb 2013",
}

%%%%%%%%%%%%%%%%%%%%%%%%%%%%%%%%%%%%%%%%%%%%%%%%%%%%%%%%%%%%%%%%%%%%%%%%%%%%%%%%%%%%%%%%%%%%%%%%%%%%
% Misc
%%%%%%%%%%%%%%%%%%%%%%%%%%%%%%%%%%%%%%%%%%%%%%%%%%%%%%%%%%%%%%%%%%%%%%%%%%%%%%%%%%%%%%%%%%%%%%%%%%%%
% Picture
@misc{pixel2,
    title = "The Pixel Detector of the {ATLAS} experiment for {LHC} Run-2",
    author = "H. Pernegger",
    year="2015",
    journal="JINST 10 C06012",
}




@misc{ATLAS-CONF-2014-018,
    author         = "{ATLAS Collaboration}",
    title          = "Tagging and suppression of pileup jets with the {ATLAS} detector",
    howpublished   = "ATLAS-CONF-2014-018",
    publisher      = "CERN",
    year           = "2014",
}

@article{ATL-PHYS-PUB-2016-002,
    author         = "{ATLAS Collaboration}",
    title          = "Multi-boson simulation for 13 {TeV} {ATLAS} analyses",
    howpublished   = "ATL-PHYS-PUB-2016-002",
    publisher      = "CERN",
    year           = "2016",
}

@article{ATL-PHYS-PUB-2016-003,
    collaboration = "ATLAS",
    author="{ATLAS Collaboration}",
    title = "{Monte Carlo Generators for the Production of a ${W}$ or ${Z}/\gamma^*$ Boson in Association with Jets at {ATLAS} in Run 2}",
    reportNumber = "ATL-PHYS-PUB-2016-003",
    month = "5",
    year = "2016"
}

@article{ATL-PHYS-PUB-2016-017,
    collaboration = "ATLAS",
    author="{ATLAS Collaboration}",
    title = "{The Pythia 8 A3 tune description of {ATLAS} minimum bias and inelastic measurements incorporating the Donnachie-Landshoff diffractive model}",
    reportNumber = "ATL-PHYS-PUB-2016-017",
    month = "8",
    year = "2016"
}

@article{ATL-PHYS-PUB-2016-020,
      title         = "{Studies on top-quark Monte Carlo modelling for Top2016}",
    author="{ATLAS Collaboration}",
      institution   = "CERN",
      collaboration = "ATLAS Collaboration",
      address       = "Geneva",
      number        = "ATL-PHYS-PUB-2016-020",
      month         = "Sep",
      year          = "2016",
      reportNumber  = "ATL-PHYS-PUB-2016-020",
    publisher      = "CERN",
}
